@inproceedings{atlas,
author = {Whaley, R Clint and Dongarra, Jack J},
booktitle = {Proceedings of the 1998 ACM/IEEE Conference on Supercomputing},
pages = {1--27},
series = {SC '98},
title = {{Automatically Tuned Linear Algebra Software}},
year = {1998}
}

@article{gotoblas,
author = {Goto, Kazushige and {Van De Geijn}, Robert},
journal = {ACM Trans. Math. Softw.},
month = {jul},
number = {1},
pages = {4:1----4:14},
publisher = {ACM},
title = {{High-performance Implementation of the Level-3 BLAS}},
volume = {35},
year = {2008}
}

@article{gotogemm,
author = {Goto, Kazushige and Geijn, Robert a. Van De},
journal = {ACM Transactions on Mathematical Software},
number = {3},
pages = {1--25},
title = {{Anatomy of high-performance matrix multiplication}},
volume = {34},
year = {2008}
}

@inproceedings{openblas,
author = {Zhang, Xianyi and Wang, Qian and Zhang, Yunquan},
booktitle = {Proceedings of the International Conference on Parallel and Distributed Systems - ICPADS},
pages = {684--691},
title = {{Model-driven level 3 BLAS performance optimization on Loongson 3A processor}},
year = {2012}
}

@inproceedings{augem,
author = {Wang, Qian and Zhang, Xianyi and Zhang, Yunquan and Yi, Qing},
booktitle = {Proceedings of the International Conference on High Performance Computing, Networking, Storage and Analysis},
keywords = {DLA code optimization,auto-tuning,code generation},
pages = {25:1----25:12},
publisher = {ACM},
series = {SC '13},
title = {{AUGEM: Automatically Generate High Performance Dense Linear Algebra Kernels on x86 CPUs}},
year = {2013}
}

@article{blis,
author = {{Van Zee}, Field G and van de Geijn, Robert A},
journal = {ACM Trans. Math. Softw.},
month = {jun},
number = {3},
pages = {14:1----14:33},
publisher = {ACM},
title = {{BLIS: A Framework for Rapidly Instantiating BLAS Functionality}},
volume = {41},
year = {2015}
}

@article{blisport,
author = {Zee, Field G Van and Smith, Tyler M and Marker, Bryan and Low, Tze Meng and Geijn, Robert A Van De and Igual, Francisco D and Smelyanskiy, Mikhail and Zhang, Xianyi and Kistler, Michael and Austel, Vernon and Gunnels, John A and Killough, Lee},
journal = {ACM Trans. Math. Softw.},
month = {jun},
number = {2},
pages = {12:1----12:19},
publisher = {ACM},
title = {{The BLIS Framework: Experiments in Portability}},
volume = {42},
year = {2016}
}

@article{blisanalytic,
author = {Low, Tze Meng and Igual, Francisco D and Smith, Tyler M and Quintana-Orti, Enrique S},
journal = {ACM Trans. Math. Softw.},
month = {aug},
number = {2},
pages = {12:1----12:18},
publisher = {ACM},
title = {{Analytical Modeling Is Enough for High-Performance BLIS}},
volume = {43},
year = {2016}
}

@inproceedings{blispar,
author = {Smith, T M and {Van De Geijn}, R and Smelyanskiy, M and Hammond, J R and {Van Zee}, F G},
booktitle = {Parallel and Distributed Processing Symposium, 2014 IEEE 28th International},
keywords = {matrix multiplication,multi-threading,multiprocess},
month = {may},
pages = {1049--1059},
title = {{Anatomy of High-Performance Many-Threaded Matrix Multiplication}},
year = {2014}
}

@inproceedings{poet,
author = {Yi, Qing and Seymour, K and You, H and Vuduc, R and Quinlan, D},
booktitle = {Parallel and Distributed Processing Symposium, 2007. IPDPS 2007. IEEE International},
month = {mar},
pages = {1--8},
title = {{POET: Parameterized Optimizations for Empirical Tuning}},
year = {2007}
}

@inproceedings{poetcgo,
author = {Yi, Qing},
booktitle = {Code Generation and Optimization (CGO), 2011 9th Annual IEEE/ACM International Symposium on},
month = {apr},
pages = {97--106},
title = {{Automated programmable control and parameterization of compiler optimizations}},
year = {2011}
}

@inproceedings{poetmicro,
author = {Yi, Qing and Wang, Qian and Cui, Huimin},
booktitle = {Microarchitecture (MICRO), 2014 47th Annual IEEE/ACM International Symposium on},
month = {dec},
pages = {596--608},
title = {{Specializing Compiler Optimizations through Programmable Composition for Dense Matrix Computations}},
year = {2014}
}

@article{gemmbased1,
author = {K{\aa}gstr{\"{o}}m, Bo and Ling, Per and van Loan, Charles},
journal = {ACM Trans. Math. Softw.},
month = {sep},
number = {3},
pages = {268--302},
publisher = {ACM},
title = {{GEMM-based Level 3 BLAS: High-performance Model Implementations and Performance Evaluation Benchmark}},
volume = {24},
year = {1998}
}

@article{gemmbased2,
author = {K{\aa}gstr{\"{o}}m, Bo and van Loan, Charles},
journal = {ACM Trans. Math. Softw.},
month = {sep},
number = {3},
pages = {303--316},
publisher = {ACM},
title = {{Algorithm 784: GEMM-based Level 3 BLAS: Portability and Optimization Issues}},
volume = {24},
year = {1998}
}

@article{analytic1,
author = {Yotov, K and Li, X and Ren, G and Garzaran, M J S and Padua, D and Pingali, K and Stodghill, P},
journal = {Proceedings of the IEEE special issue on “Program Generation, Optimization, and Adaptation"},
month = {feb},
number = {2},
pages = {358--386},
title = {{Is Search Really Necessary to Generate High-Performance BLAS?}},
volume = {93},
year = {2005}
}

@article{analytic2,
author = {Kelefouras, Vasilios and Kritikakou, Angeliki and Goutis, Costas},
journal = {The Journal of Supercomputing},
month = {jan},
number = {3},
pages = {1418--1440},
title = {{A Matrix–Matrix Multiplication methodology for single/multi-core architectures using SIMD}},
volume = {68},
year = {2014}
}


@inproceedings{poca,
author = {Su, Xing and Liao, Xiangke and Xue, Jingling},
booktitle = {CGO 2017 - Proceedings of the 2017 International Symposium on Code Generation and Optimization},
pages = {122--133},
title = {{Automatic generation of fast BLAS3-GEMM: A portable compiler approach}},
year = {2017}
}

@inproceedings{papi,
author = {Terpstra, Dan and Jagode, Heike and You, Haihang and Dongarra, Jack},
booktitle = {Tools for High Performance Computing 2009},
editor = {M{\"{u}}ller, Matthias S and Resch, Michael M and Schulz, Alexander and Nagel, Wolfgang E},
pages = {157--173},
publisher = {Springer Berlin Heidelberg},
title = {{Collecting Performance Data with PAPI-C}},
year = {2010}
}
